@article{somekey,
  author  = {Doe, John},
  title   = {Important Paper},
  journal = {Journal of Importance},
  year    = {2021}
}
