@misc{wikipediaExponentialDistribution,
  author       = {},
  title        = {{E}xponential distribution - {W}ikipedia --- en.wikipedia.org},
  howpublished = {\url{https://en.wikipedia.org/wiki/Exponential_distribution}},
  year         = {},
  note         = {[Accessed 08-08-2025]}
}

@misc{wikipediaLamportSignature,
  author       = {},
  title        = {{L}amport signature - {W}ikipedia --- en.wikipedia.org},
  howpublished = {\url{https://en.wikipedia.org/wiki/Lamport_signature}},
  year         = {},
  note         = {[Accessed 08-08-2025]}
}