@misc{githubBitcoinTransactions,
  author       = {Robin Linus},
  title        = {{R}aw {B}itcoin transactions hand-parsed for educational purposes --- gist.github.com},
  howpublished = {\url{https://gist.github.com/RobinLinus/7971daeb88ecd939825bc456721d9378}},
  year         = {},
  note         = {[Accessed 10-08-2025]}
}